@article{usmani2020mqtt,
  title={MQTT Protocol for the IoT},
  author={Usmani, Mohammad Faiz},
  journal={International Journal of Internet of Things},
  volume={12},
  number={3},
  pages={45--50},
  year={2020}
}

@article{cirani2015iot,
  title={IoT-OAS: An OAuth-based Authorization Service Architecture for Secure Services in IoT Scenarios},
  author={Cirani, Simone and Picone, Marco and Gonizzi, Pietro and Veltri, Luca and Ferrari, Gianluigi},
  journal={IEEE Sensors Journal},
  volume={15},
  number={2},
  pages={1224--1234},
  year={2015},
  publisher={IEEE}
}

@inproceedings{osterlind2006cross,
  title={Cross-level sensor network simulation with COOJA},
  author={{\"O}sterlind, Fredrik and Dunkels, Adam and Eriksson, Joakim and Finne, Niclas and Voigt, Thiemo},
  booktitle={Proceedings. 2006 31st IEEE Conference on Local Computer Networks},
  pages={641--648},
  year={2006},
  organization={IEEE}
}

@article{gupta2013ifogsim,
  title={iFogSim: A toolkit for modeling and simulation of resource management techniques in the Internet of Things, Edge and Fog computing environments},
  author={Gupta, Harshit and Vahid Dastjerdi, Amir and Ghosh, Soumya K and Buyya, Rajkumar},
  journal={Software: Practice and Experience},
  volume={47},
  number={9},
  pages={1275--1296},
  year={2017},
  publisher={Wiley Online Library}
}

@manual{kubernetes2021,
  title={Kubernetes Documentation},
  author={{Kubernetes Community}},
  year={2021},
  url={https://kubernetes.io/docs/}
}

@misc{eclipse2021mosquitto,
  title={Eclipse Mosquitto: An open source MQTT broker},
  author={{Eclipse Foundation}},
  year={2021},
  url={https://mosquitto.org/}
}
